> jasmine

Jasmine started

====================================================================================================
Should match title (245)
====================================================================================================

<datafield ind1="0" ind2="0" tag="245" xmlns="http://www.loc.gov/MARC21/slim">
  <subfield code="a">Modern Electrosynthetic Methods in Organic Chemistry</subfield>
</datafield>

"title" : "Modern Electrosynthetic Methods in Organic Chemistry"


  1 DataConverter
    [32m✓ Should match title (245)[39m (0.053 sec)

====================================================================================================
Should create a composed title (245) with the [a, b, c, k, n, p] subfields.
====================================================================================================

<datafield ind1="0" ind2="0" tag="245" xmlns="http://www.loc.gov/MARC21/slim">
  <subfield code="a">The wedding collection.</subfield>
  <subfield code="n">Volume 4,</subfield>
  <subfield code="p">Love will be our home:</subfield>
  <subfield code="b">15 songs of love and commitment. /</subfield>
  <subfield code="c">Steen Hyldgaard Christensen, Christelle Didier, Andrew Jamison, Martin Meganck, Carl Mitcham, Byron Newberry, editors.</subfield>
</datafield>

"title" : "The wedding collection. Volume 4, Love will be our home: 15 songs of love and commitment. / Steen Hyldgaard Christensen, Christelle Didier, Andrew Jamison, Martin Meganck, Carl Mitcham, Byron Newberry, editors."

    [32m✓ Should create a composed title (245) with the [a, b, c, k, n, p] subfields.[39m (0.036 sec)

====================================================================================================
Should match 246 to alternativeTitles
====================================================================================================

<datafield ind1="3" ind2="0" tag="246" xmlns="http://www.loc.gov/MARC21/slim">
  <subfield code="a">Engineering identities, epistemologies and values</subfield>
</datafield>

"alternativeTitles" : [
  {
    "alternativeTitle": "Engineering identities, epistemologies and values"
  }
]

    [32m✓ Should match 246 to alternativeTitles[39m (0.04 sec)

====================================================================================================
Should match 130 to alternativeTitles
====================================================================================================

<datafield ind1="4" ind2=" " tag="130" xmlns="http://www.loc.gov/MARC21/slim">
  <subfield code="a">Les cahiers d'urbanisme</subfield>
</datafield>
<datafield ind1=" " ind2="0" tag="222" xmlns="http://www.loc.gov/MARC21/slim">
  <subfield code="a">Urbana tidskrifter</subfield>
</datafield>
<datafield ind1="1" ind2="2" tag="246" xmlns="http://www.loc.gov/MARC21/slim">
  <subfield code="a">Cahiers d'urbanisme et d'aménagement du territoire</subfield>
  <subfield code="f">57/58/59 -</subfield>
</datafield>

"alternativeTitles" : [
  {
    "alternativeTitle": "Cahiers d'urbanisme et d'aménagement du territoire"
  },
  {
    "alternativeTitle": "Urbana tidskrifter"
  },
  {
    "alternativeTitle": "Les cahiers d'urbanisme"
  }
]

    [32m✓ Should match 130 to alternativeTitles[39m (0.009 sec)

====================================================================================================
Should match 246 to alternativeTitles when there is also 130
====================================================================================================

<datafield ind1="4" ind2=" " tag="130" xmlns="http://www.loc.gov/MARC21/slim">
  <subfield code="a">Les cahiers d'urbanisme</subfield>
</datafield>
<datafield ind1=" " ind2="0" tag="222" xmlns="http://www.loc.gov/MARC21/slim">
  <subfield code="a">Urbana tidskrifter</subfield>
</datafield>
<datafield ind1="1" ind2="2" tag="246" xmlns="http://www.loc.gov/MARC21/slim">
  <subfield code="a">Cahiers d'urbanisme et d'aménagement du territoire</subfield>
  <subfield code="f">57/58/59 -</subfield>
</datafield>

"alternativeTitles" : [
  {
    "alternativeTitle": "Cahiers d'urbanisme et d'aménagement du territoire"
  },
  {
    "alternativeTitle": "Urbana tidskrifter"
  },
  {
    "alternativeTitle": "Les cahiers d'urbanisme"
  }
]

    [32m✓ Should match 246 to alternativeTitles when there is also 130[39m (0.011 sec)

====================================================================================================
Should match 222 to alternativeTitles (when there are also 130 and 246)
====================================================================================================

<datafield ind1="4" ind2=" " tag="130" xmlns="http://www.loc.gov/MARC21/slim">
  <subfield code="a">Les cahiers d'urbanisme</subfield>
</datafield>
<datafield ind1=" " ind2="0" tag="222" xmlns="http://www.loc.gov/MARC21/slim">
  <subfield code="a">Urbana tidskrifter</subfield>
</datafield>
<datafield ind1="1" ind2="2" tag="246" xmlns="http://www.loc.gov/MARC21/slim">
  <subfield code="a">Cahiers d'urbanisme et d'aménagement du territoire</subfield>
  <subfield code="f">57/58/59 -</subfield>
</datafield>

"alternativeTitles" : [
  {
    "alternativeTitle": "Cahiers d'urbanisme et d'aménagement du territoire"
  },
  {
    "alternativeTitle": "Urbana tidskrifter"
  },
  {
    "alternativeTitle": "Les cahiers d'urbanisme"
  }
]

    [32m✓ Should match 222 to alternativeTitles (when there are also 130 and 246)[39m (0.016 sec)

====================================================================================================
Should add editions (250) to the editions list and enforce unique
====================================================================================================

<datafield ind1=" " ind2=" " tag="250" xmlns="http://www.loc.gov/MARC21/slim">
  <subfield code="a">8. uppl.</subfield>
</datafield>
<datafield ind1=" " ind2=" " tag="250" xmlns="http://www.loc.gov/MARC21/slim">
  <subfield code="a">[Revised]</subfield>
</datafield>
<datafield ind1=" " ind2=" " tag="250" xmlns="http://www.loc.gov/MARC21/slim">
  <subfield code="a">[Revised]</subfield>
</datafield>

"editions" : [
  "8. uppl.",
  "[Revised]"
]

    [32m✓ Should add editions (250) to the editions list and enforce unique[39m (0.014 sec)

====================================================================================================
Should add languages (041$a) to the languages list; ignores non-ISO languages
====================================================================================================

<datafield ind1=" " ind2=" " tag="041" xmlns="http://www.loc.gov/MARC21/slim">
  <subfield code="a">fre</subfield>
  <subfield code="a">ger</subfield>
  <subfield code="a">eng</subfield>
</datafield>
<datafield ind1=" " ind2=" " tag="041" xmlns="http://www.loc.gov/MARC21/slim">
  <subfield code="a">ita</subfield>
</datafield>
<datafield ind1=" " ind2=" " tag="041" xmlns="http://www.loc.gov/MARC21/slim">
  <subfield code="a">en_US</subfield>
  <subfield code="a">###</subfield>
  <subfield code="a">zxx</subfield>
</datafield>

"languages" : [
  "fre",
  "ger",
  "eng",
  "ita"
]

    [32m✓ Should add languages (041$a) to the languages list; ignores non-ISO languages[39m (0.016 sec)

====================================================================================================
Should add language found in 008 where there is no 041
====================================================================================================

<controlfield tag="008" xmlns="http://www.loc.gov/MARC21/slim">011211c19uu9999be |||||||||||0   ||fre| </controlfield>

"languages" : [
  "fre"
]

    [32m✓ Should add language found in 008 where there is no 041[39m (0.006 sec)

====================================================================================================
Should create an hrid using the OAI-PMH identifier
====================================================================================================

<header xmlns="http://www.openarchives.org/OAI/2.0/">
  <identifier>https://libris.kb.se/6qjvp1hj3xk33vg</identifier>
  <datestamp>2018-08-07T13:19:17.068Z</datestamp>
  <setSpec>bib</setSpec>
</header>

"hrid" : "https://libris.kb.se/6qjvp1hj3xk33vg"

    [32m✓ Should create an hrid using the OAI-PMH identifier[39m (0.015 sec)

====================================================================================================
Should add physical descriptions (300$abce)
====================================================================================================

<datafield ind1=" " ind2=" " tag="300" xmlns="http://www.loc.gov/MARC21/slim">
  <subfield code="a">xxxiv, 416 pages</subfield>
  <subfield code="b">illustrations</subfield>
  <subfield code="c">24 cm.</subfield>
</datafield>

"physicalDescriptions" : [
  "xxxiv, 416 pages illustrations 24 cm."
]

    [32m✓ Should add physical descriptions (300$abce)[39m (0.017 sec)

====================================================================================================
Should trim title (245) by n-chars, as specified by indicator 2
====================================================================================================

<datafield ind1="0" ind2="4" tag="245" xmlns="http://www.loc.gov/MARC21/slim">
  <subfield code="a">Les cahiers d'urbanisme</subfield>
</datafield>

"indexTitle" : "cahiers d'urbanisme"

    [32m✓ Should trim title (245) by n-chars, as specified by indicator 2[39m (0.006 sec)

====================================================================================================
Should add all types of alternative titles: 130, 222, 240, 246, 247 
====================================================================================================

<datafield ind1="1" ind2="0" tag="130" xmlns="http://www.loc.gov/MARC21/slim">
  <subfield code="a">Star is born (Motion picture : 1954)</subfield>
</datafield>
<datafield ind1="1" ind2="0" tag="222" xmlns="http://www.loc.gov/MARC21/slim">
  <subfield code="a">Soviet astronomy letters</subfield>
</datafield>
<datafield ind1="1" ind2="0" tag="240" xmlns="http://www.loc.gov/MARC21/slim">
  <subfield code="a">Laws, etc. (Laws of Kenya : 1948)</subfield>
</datafield>
<datafield ind1="3" ind2="0" tag="246" xmlns="http://www.loc.gov/MARC21/slim">
  <subfield code="a">Engineering identities, epistemologies and values</subfield>
  <subfield code="b">remainder title</subfield>
</datafield>
<datafield ind1="1" ind2="0" tag="247" xmlns="http://www.loc.gov/MARC21/slim">
  <subfield code="a">Medical world news annual review of medicine</subfield>
</datafield>

"alternativeTitles" : [
  {
    "alternativeTitle": "Engineering identities, epistemologies and values - remainder title"
  },
  {
    "alternativeTitle": "Medical world news annual review of medicine"
  },
  {
    "alternativeTitle": "Laws, etc. (Laws of Kenya : 1948)"
  },
  {
    "alternativeTitle": "Soviet astronomy letters"
  },
  {
    "alternativeTitle": "Star is born (Motion picture : 1954)"
  }
]

    [32m✓ Should add all types of alternative titles: 130, 222, 240, 246, 247 [39m (0.026 sec)

====================================================================================================
Should add identifiers: 010, 019, 020, 022, 024, 028, 035
====================================================================================================

<datafield tag="010" ind1=" " ind2=" " xmlns="http://www.loc.gov/MARC21/slim">
  <subfield code="a">2008011507</subfield>
</datafield>
<datafield tag="019" ind1=" " ind2=" " xmlns="http://www.loc.gov/MARC21/slim">
  <subfield code="a">62874189</subfield>
  <subfield code="a">244170452</subfield>
  <subfield code="a">677051564</subfield>
</datafield>
<datafield tag="020" ind1=" " ind2=" " xmlns="http://www.loc.gov/MARC21/slim">
  <subfield code="a">9780307264787</subfield>
  <subfield code="z">9780307264755</subfield>
  <subfield code="z">9780307264766</subfield>
  <subfield code="z">9780307264777</subfield>
</datafield>
<datafield ind1=" " ind2=" " tag="020" xmlns="http://www.loc.gov/MARC21/slim">
  <subfield code="a">9780071842013</subfield>
  <subfield code="q">(paperback)</subfield>
</datafield>
<datafield ind1=" " ind2=" " tag="020" xmlns="http://www.loc.gov/MARC21/slim">
  <subfield code="a">0071842012</subfield>
  <subfield code="q">(paperback)</subfield>
</datafield>
<datafield tag="022" ind1=" " ind2=" " xmlns="http://www.loc.gov/MARC21/slim">
  <subfield code="a">0376-4583</subfield>
  <subfield code="l">1234-1231</subfield>
  <subfield code="l">1234-1232</subfield>
  <subfield code="m">1560-15605</subfield>
  <subfield code="y">0046-2254</subfield>
  <subfield code="z">0027-3473</subfield>
</datafield>
<datafield tag="022" ind1=" " ind2=" " xmlns="http://www.loc.gov/MARC21/slim">
  <subfield code="z">0027-3475</subfield>
  <subfield code="z">0027-3476</subfield>
</datafield>
<datafield tag="024" ind1=" " ind2=" " xmlns="http://www.loc.gov/MARC21/slim">
  <subfield code="a">7822183031</subfield>
</datafield>
<datafield tag="024" ind1=" " ind2=" " xmlns="http://www.loc.gov/MARC21/slim">
  <subfield code="a">M011234564</subfield>
</datafield>
<datafield tag="028" ind1=" " ind2=" " xmlns="http://www.loc.gov/MARC21/slim">
  <subfield code="a">PJC 222013</subfield>
  <subfield code="b">Paris Jazz Corner Productions</subfield>
</datafield>
<datafield ind1=" " ind2=" " tag="035" xmlns="http://www.loc.gov/MARC21/slim">
  <subfield code="a">(OCoLC)ocn898162644</subfield>
</datafield>
<datafield ind1=" " ind2=" " tag="035" xmlns="http://www.loc.gov/MARC21/slim">
  <subfield code="a">(OCoLC)898162644</subfield>
  <subfield code="z">(OCoLC)898087359</subfield>
  <subfield code="z">(OCoLC)930007675</subfield>
  <subfield code="z">(OCoLC)942940565</subfield>
</datafield>

"identifiers" : [
  {
    "value": "2008011507",
    "identifierTypeId": "c858e4f2-2b6b-4385-842b-60732ee14abb"
  },
  {
    "value": "9780307264787",
    "identifierTypeId": "8261054f-be78-422d-bd51-4ed9f33c3422"
  },
  {
    "value": "9780307264755",
    "identifierTypeId": "fcca2643-406a-482a-b760-7a7f8aec640e"
  },
  {
    "value": "9780307264766",
    "identifierTypeId": "fcca2643-406a-482a-b760-7a7f8aec640e"
  },
  {
    "value": "9780307264777",
    "identifierTypeId": "fcca2643-406a-482a-b760-7a7f8aec640e"
  },
  {
    "value": "9780071842013",
    "identifierTypeId": "8261054f-be78-422d-bd51-4ed9f33c3422"
  },
  {
    "value": "0071842012",
    "identifierTypeId": "8261054f-be78-422d-bd51-4ed9f33c3422"
  },
  {
    "value": "0376-4583",
    "identifierTypeId": "913300b2-03ed-469a-8179-c1092c991227"
  },
  {
    "value": "0027-3473",
    "identifierTypeId": "27fd35a6-b8f6-41f2-aa0e-9c663ceb250c"
  },
  {
    "value": "0046-2254",
    "identifierTypeId": "27fd35a6-b8f6-41f2-aa0e-9c663ceb250c"
  },
  {
    "value": "1560-15605",
    "identifierTypeId": "27fd35a6-b8f6-41f2-aa0e-9c663ceb250c"
  },
  {
    "value": "1234-1231",
    "identifierTypeId": "5860f255-a27f-4916-a830-262aa900a6b9"
  },
  {
    "value": "1234-1232",
    "identifierTypeId": "5860f255-a27f-4916-a830-262aa900a6b9"
  },
  {
    "value": "0027-3475",
    "identifierTypeId": "27fd35a6-b8f6-41f2-aa0e-9c663ceb250c"
  },
  {
    "value": "0027-3476",
    "identifierTypeId": "27fd35a6-b8f6-41f2-aa0e-9c663ceb250c"
  },
  {
    "value": "7822183031",
    "identifierTypeId": "2e8b3b6c-0e7d-4e48-bca2-b0b23b376af5"
  },
  {
    "value": "M011234564",
    "identifierTypeId": "2e8b3b6c-0e7d-4e48-bca2-b0b23b376af5"
  },
  {
    "value": "PJC 222013",
    "identifierTypeId": "b5d8cdc4-9441-487c-90cf-0c7ec97728eb"
  },
  {
    "value": "(OCoLC)ocn898162644",
    "identifierTypeId": "7e591197-f335-4afb-bc6d-a6d76ca3bace"
  },
  {
    "value": "(OCoLC)898162644",
    "identifierTypeId": "7e591197-f335-4afb-bc6d-a6d76ca3bace"
  },
  {
    "value": "(OCoLC)898087359",
    "identifierTypeId": "2e8b3b6c-0e7d-4e48-bca2-b0b23b376af5"
  },
  {
    "value": "(OCoLC)930007675",
    "identifierTypeId": "2e8b3b6c-0e7d-4e48-bca2-b0b23b376af5"
  },
  {
    "value": "(OCoLC)942940565",
    "identifierTypeId": "2e8b3b6c-0e7d-4e48-bca2-b0b23b376af5"
  },
  {
    "value": "62874189",
    "identifierTypeId": "2e8b3b6c-0e7d-4e48-bca2-b0b23b376af5"
  },
  {
    "value": "244170452",
    "identifierTypeId": "2e8b3b6c-0e7d-4e48-bca2-b0b23b376af5"
  },
  {
    "value": "677051564",
    "identifierTypeId": "2e8b3b6c-0e7d-4e48-bca2-b0b23b376af5"
  }
]

    [32m✓ Should add identifiers: 010, 019, 020, 022, 024, 028, 035[39m (0.027 sec)
    [32m✓ Should add series statements (800, 810, 811, 830, 440, 490) to series list[39m (0.014 sec)

====================================================================================================
Should deduplicate identical series statements from 830 and 490 in series list
====================================================================================================

<datafield ind1="0" ind2=" " tag="490" xmlns="http://www.loc.gov/MARC21/slim">
  <subfield code="a">Oracle Press book</subfield>
</datafield>
<datafield ind1="1" ind2=" " tag="490" xmlns="http://www.loc.gov/MARC21/slim">
  <subfield code="a">McGraw-Hill technical education series</subfield>
</datafield>
<datafield ind1=" " ind2="0" tag="830" xmlns="http://www.loc.gov/MARC21/slim">
  <subfield code="a">McGraw-Hill technical education series</subfield>
</datafield>

"series" : [
  "McGraw-Hill technical education series",
  "Oracle Press book"
]

    [32m✓ Should deduplicate identical series statements from 830 and 490 in series list[39m (0.022 sec)

====================================================================================================
Should add contributors (100, 111 700) to the contributors list
====================================================================================================

<datafield ind1="1" ind2=" " tag="100" xmlns="http://www.loc.gov/MARC21/slim">
  <subfield code="a">Chin, Stephen,</subfield>
  <subfield code="d">1977-</subfield>
</datafield>
<datafield ind1="1" ind2=" " tag="100" xmlns="http://www.loc.gov/MARC21/slim">
  <subfield code="a">Presthus, Robert Vance,</subfield>
  <subfield code="4">aut</subfield>
</datafield>
<datafield ind1="1" ind2=" " tag="100" xmlns="http://www.loc.gov/MARC21/slim">
  <subfield code="a">Lous, Christian Carl,</subfield>
  <subfield code="d">1724-1804,</subfield>
  <subfield code="e">cartographer.</subfield>
  <subfield code="4">ctg</subfield>
</datafield>
<datafield ind1="1" ind2=" " tag="111" xmlns="http://www.loc.gov/MARC21/slim">
  <subfield code="a">Wolfcon</subfield>
  <subfield code="c">Durham</subfield>
  <subfield code="d">2018</subfield>
  <subfield code="e">Hackathon</subfield>
</datafield>
<datafield ind1="1" ind2=" " tag="111" xmlns="http://www.loc.gov/MARC21/slim">
  <subfield code="a">Kyōto Daigaku.</subfield>
  <subfield code="b">Genshiro Jikkenjo.</subfield>
  <subfield code="b">Senmon Kenkyūkai</subfield>
  <subfield code="d">(2013 January 25),</subfield>
  <subfield code="e">author.</subfield>
  <subfield code="4">aut</subfield>
</datafield>
<datafield ind1="1" ind2=" " tag="111" xmlns="http://www.loc.gov/MARC21/slim">
  <subfield code="a">Tupera Tupera (Firm),</subfield>
  <subfield code="e">author,</subfield>
  <subfield code="e">illustrator.</subfield>
  <subfield code="4">aut</subfield>
  <subfield code="4">ill</subfield>
</datafield>
<datafield ind1="1" ind2=" " tag="700" xmlns="http://www.loc.gov/MARC21/slim">
  <subfield code="a">Weaver, James L.</subfield>
  <subfield code="e">contributor.</subfield>
</datafield>

"contributors" : [
  {
    "contributorNameTypeId": "2b94c631-fca9-4892-a730-03ee529ffe2a",
    "name": "Chin, Stephen, 1977-",
    "contributorTypeId": "",
    "contributorTypeText": ""
  },
  {
    "contributorNameTypeId": "2b94c631-fca9-4892-a730-03ee529ffe2a",
    "name": "Presthus, Robert Vance",
    "contributorTypeId": "9c78babf-c596-4f6a-945f-652545f703aa",
    "contributorTypeText": ""
  },
  {
    "contributorNameTypeId": "2b94c631-fca9-4892-a730-03ee529ffe2a",
    "name": "Lous, Christian Carl, 1724-1804",
    "contributorTypeId": "",
    "contributorTypeText": "cartographer"
  },
  {
    "contributorNameTypeId": "2b94c631-fca9-4892-a730-03ee529ffe2a",
    "name": "Weaver, James L.",
    "contributorTypeId": "52942db3-9331-4d69-8c9d-f76a9085bad7",
    "contributorTypeText": ""
  },
  {
    "contributorNameTypeId": "e8b311a6-3b21-43f2-a269-dd9310cb2d0a",
    "name": "Wolfcon Durham 2018",
    "contributorTypeId": "",
    "contributorTypeText": "Hackathon"
  },
  {
    "contributorNameTypeId": "e8b311a6-3b21-43f2-a269-dd9310cb2d0a",
    "name": "Kyōto Daigaku. Genshiro Jikkenjo. Senmon Kenkyūkai (2013 January 25)",
    "contributorTypeId": "9c78babf-c596-4f6a-945f-652545f703aa",
    "contributorTypeText": ""
  },
  {
    "contributorNameTypeId": "e8b311a6-3b21-43f2-a269-dd9310cb2d0a",
    "name": "Tupera Tupera (Firm)",
    "contributorTypeId": "9c78babf-c596-4f6a-945f-652545f703aa",
    "contributorTypeText": ""
  }
]

    [32m✓ Should add contributors (100, 111 700) to the contributors list[39m (0.022 sec)

====================================================================================================
Should add classifications (050, 082, 090, 086) to the classifications list
====================================================================================================

<datafield ind1=" " ind2="4" tag="050" xmlns="http://www.loc.gov/MARC21/slim">
  <subfield code="a">TK7895.E42</subfield>
  <subfield code="b">C45 2016</subfield>
</datafield>
<datafield ind1="0" ind2="4" tag="082" xmlns="http://www.loc.gov/MARC21/slim">
  <subfield code="a">004.165</subfield>
  <subfield code="b">C4412r 2015</subfield>
</datafield>
<datafield ind1="0" ind2="4" tag="086" xmlns="http://www.loc.gov/MARC21/slim">
  <subfield code="a">ITC 1.12:TA-503 (A)-18 AND 332-279</subfield>
</datafield>
<datafield ind1=" " ind2="4" tag="090" xmlns="http://www.loc.gov/MARC21/slim">
  <subfield code="a">HV6089</subfield>
  <subfield code="b">.M37 1989a</subfield>
</datafield>

"classifications" : [
  {
    "classificationNumber": "TK7895.E42 C45 2016",
    "classificationTypeId": "ce176ace-a53e-4b4d-aa89-725ed7b2edac"
  },
  {
    "classificationNumber": "004.165",
    "classificationTypeId": "42471af9-7d25-4f3a-bf78-60d29dcf463b"
  },
  {
    "classificationNumber": "ITC 1.12:TA-503 (A)-18 AND 332-279",
    "classificationTypeId": "40d2f1ee-c8ef-420b-b74a-bbddcc2ac2dd"
  },
  {
    "classificationNumber": "HV6089 .M37 1989a",
    "classificationTypeId": "ce176ace-a53e-4b4d-aa89-725ed7b2edac"
  }
]

    [32m✓ Should add classifications (050, 082, 090, 086) to the classifications list[39m (0.024 sec)

====================================================================================================
Should add subjects (600, 610, 611, 630, 647, 648, 650, 651) to the subjects list
====================================================================================================

<datafield ind1=" " ind2="0" tag="600" xmlns="http://www.loc.gov/MARC21/slim">
  <subfield code="a">Kougeas, Sōkr. V.</subfield>
  <subfield code="b">IV Diogenes,</subfield>
  <subfield code="c">Emperor of the East,</subfield>
  <subfield code="d">active 1068-1071.</subfield>
  <subfield code="q">(Sōkratēs V.)</subfield>
</datafield>
<datafield ind1=" " ind2="0" tag="610" xmlns="http://www.loc.gov/MARC21/slim">
  <subfield code="a">Frederick</subfield>
  <subfield code="b">II,</subfield>
  <subfield code="c">King of Prussia,</subfield>
  <subfield code="d">1712-1786.</subfield>
  <subfield code="n">No. 2.</subfield>
</datafield>
<datafield ind1=" " ind2="0" tag="611" xmlns="http://www.loc.gov/MARC21/slim">
  <subfield code="a">Mississippi Valley Sanitary Fair</subfield>
  <subfield code="c">(Venice, Italy).</subfield>
  <subfield code="d">(1864 : ǂc Saint Louis, Mo.).</subfield>
  <subfield code="e">Freedmen and Union Refugees' Department.</subfield>
</datafield>
<datafield ind1=" " ind2="0" tag="630" xmlns="http://www.loc.gov/MARC21/slim">
  <subfield code="a">B.J. and the Bear.</subfield>
  <subfield code="d">(1906)</subfield>
  <subfield code="f">1998.</subfield>
  <subfield code="h">[medium]</subfield>
  <subfield code="k">Manuscript.</subfield>
  <subfield code="l">English</subfield>
  <subfield code="s">New International</subfield>
  <subfield code="t">[title]</subfield>
</datafield>
<datafield ind1=" " ind2="0" tag="650" xmlns="http://www.loc.gov/MARC21/slim">
  <subfield code="a">Engineering</subfield>
  <subfield code="x">Philosophy.</subfield>
</datafield>
<datafield ind1=" " ind2="0" tag="647" xmlns="http://www.loc.gov/MARC21/slim">
  <subfield code="a">Bunker Hill, Battle of</subfield>
  <subfield code="c">(Boston, Massachusetts :</subfield>
  <subfield code="d">1775)</subfield>
  <subfield code="2">fast</subfield>
  <subfield code="0">(OCoLC)fst01710024</subfield>
</datafield>
<datafield ind1=" " ind2="0" tag="648" xmlns="http://www.loc.gov/MARC21/slim">
  <subfield code="a">Twentieth century</subfield>
  <subfield code="x">Social life and customs. </subfield>
  <subfield code="2"> [thesaurus code]</subfield>
</datafield>
<datafield ind1=" " ind2="7" tag="650" xmlns="http://www.loc.gov/MARC21/slim">
  <subfield code="a">Engineering</subfield>
  <subfield code="x">Social life and customs</subfield>
  <subfield code="2">fast</subfield>
</datafield>
<datafield ind1=" " ind2="7" tag="651" xmlns="http://www.loc.gov/MARC21/slim">
  <subfield code="a">Aix-en-Provence (France)</subfield>
  <subfield code="x">Philosophy.</subfield>
  <subfield code="v">Early works to 1800.</subfield>
</datafield>

"subjects" : [
  "Kougeas, Sōkr. V. IV Diogenes, Emperor of the East, active 1068-1071. (Sōkratēs V.)",
  "Frederick II, King of Prussia, 1712-1786. No. 2.",
  "Mississippi Valley Sanitary Fair (Venice, Italy). (1864 : ǂc Saint Louis, Mo.). Freedmen and Union Refugees' Department.",
  "B.J. and the Bear. (1906) 1998. [medium] Manuscript. English New International [title]",
  "Bunker Hill, Battle of (Boston, Massachusetts : 1775)",
  "Twentieth century Social life and customs.",
  "Engineering Philosophy.",
  "Engineering Social life and customs",
  "Aix-en-Provence (France) Philosophy. Early works to 1800."
]

    [32m✓ Should add subjects (600, 610, 611, 630, 647, 648, 650, 651) to the subjects list[39m (0.032 sec)

====================================================================================================
Should add publications (260$abc & 264$abc) to the publications list
====================================================================================================

<datafield ind1=" " ind2="1" tag="260" xmlns="http://www.loc.gov/MARC21/slim">
  <subfield code="a">New York, N.Y. :</subfield>
  <subfield code="b">Elsevier,</subfield>
  <subfield code="c">1984.</subfield>
</datafield>
<datafield ind1=" " ind2="1" tag="264" xmlns="http://www.loc.gov/MARC21/slim">
  <subfield code="c">2015</subfield>
</datafield>
<datafield ind1=" " ind2="1" tag="264" xmlns="http://www.loc.gov/MARC21/slim">
  <subfield code="a">Cham :</subfield>
  <subfield code="b">Springer,</subfield>
  <subfield code="c">[2015]</subfield>
</datafield>
<datafield ind1=" " ind2="4" tag="264" xmlns="http://www.loc.gov/MARC21/slim">
  <subfield code="c">©2015</subfield>
</datafield>

"publication" : [
  {
    "publisher": "Elsevier",
    "place": "New York NY",
    "dateOfPublication": "1984"
  },
  {
    "publisher": "",
    "place": "",
    "dateOfPublication": "2015",
    "role": "Publication"
  },
  {
    "publisher": "Springer",
    "place": "Cham",
    "dateOfPublication": "[2015]",
    "role": "Publication"
  },
  {
    "publisher": "",
    "place": "",
    "dateOfPublication": "©2015",
    "role": ""
  }
]

    [32m✓ Should add publications (260$abc & 264$abc) to the publications list[39m (0.021 sec)

====================================================================================================
Should add publication frequency (310$ab & 321$ab) to the publicationFrequency list
====================================================================================================

<datafield ind1=" " ind2=" " tag="310" xmlns="http://www.loc.gov/MARC21/slim">
  <subfield code="a">Varannan månad,</subfield>
  <subfield code="b">1983-</subfield>
</datafield>
<datafield ind1=" " ind2=" " tag="310" xmlns="http://www.loc.gov/MARC21/slim">
  <subfield code="a">Varannan månad,</subfield>
  <subfield code="b">1983-</subfield>
</datafield>
<datafield ind1=" " ind2=" " tag="321" xmlns="http://www.loc.gov/MARC21/slim">
  <subfield code="a">Monthly,</subfield>
  <subfield code="b">Mar. 1972-Dec. 1980</subfield>
</datafield>

"publicationFrequency" : [
  "Varannan månad, 1983-",
  "Monthly, Mar. 1972-Dec. 1980"
]

    [32m✓ Should add publication frequency (310$ab & 321$ab) to the publicationFrequency list[39m (0.019 sec)

====================================================================================================
Should add publication range (362$a) to the publicationRange list
====================================================================================================

<datafield ind1="0" ind2=" " tag="362" xmlns="http://www.loc.gov/MARC21/slim">
  <subfield code="a">No 1-</subfield>
</datafield>
<datafield ind1="0" ind2=" " tag="362" xmlns="http://www.loc.gov/MARC21/slim">
  <subfield code="a">No 1-</subfield>
</datafield>

"publicationRange" : [
  "No 1-"
]

    [32m✓ Should add publication range (362$a) to the publicationRange list[39m (0.006 sec)

====================================================================================================
Should add notes (500-510) to notes list
====================================================================================================

<datafield ind1=" " ind2=" " tag="500" xmlns="http://www.loc.gov/MARC21/slim">
  <subfield code="a">"Embedded application development for home and industry."--Cover.</subfield>
</datafield>
<datafield ind1=" " ind2=" " tag="500" xmlns="http://www.loc.gov/MARC21/slim">
  <subfield code="3">Cotsen copy:</subfield>
  <subfield code="a">Published plain red wrappers with first and last leaves pasted to interior wrappers.</subfield>
  <subfield code="5">NjP</subfield>
</datafield>
<datafield ind1=" " ind2=" " tag="501" xmlns="http://www.loc.gov/MARC21/slim">
  <subfield code="a">With: Humiliations follow'd with deliverances. Boston : Printed by B. Green; J. Allen for S. Philips, 1697. Bound together subsequent to publication.</subfield>
  <subfield code="5">DLC</subfield>
</datafield>
<datafield ind1=" " ind2=" " tag="502" xmlns="http://www.loc.gov/MARC21/slim">
  <subfield code="b">M. Eng.</subfield>
  <subfield code="c">University of Louisville</subfield>
  <subfield code="d">2013</subfield>
</datafield>
<datafield ind1=" " ind2=" " tag="504" xmlns="http://www.loc.gov/MARC21/slim">
  <subfield code="a">Includes bibliographical references.</subfield>
  <subfield code="b">19</subfield>
</datafield>
<datafield ind1="8" ind2=" " tag="505" xmlns="http://www.loc.gov/MARC21/slim">
  <subfield code="a">Baking Pi -- Your first Java project -- Binary timer -- IoT hat -- Line runner -- Tea station -- Autonomous drone -- Retro video game emulator -- Nighthacking RetroPi -- Index.</subfield>
</datafield>
<datafield ind1=" " ind2=" " tag="506" xmlns="http://www.loc.gov/MARC21/slim">
  <subfield code="a">Classified.</subfield>
</datafield>
<datafield ind1=" " ind2=" " tag="508" xmlns="http://www.loc.gov/MARC21/slim">
  <subfield code="a">Film editor, Martyn Down ; consultant, Robert F. Miller.</subfield>
</datafield>
<datafield ind1=" " ind2=" " tag="510" xmlns="http://www.loc.gov/MARC21/slim">
  <subfield code="a">Index medicus,</subfield>
  <subfield code="x">0019-3879,</subfield>
  <subfield code="b">v1n1, 1984-</subfield>
</datafield>

"notes" : [
  "\"Embedded application development for home and industry.\"--Cover.",
  "Cotsen copy: Published plain red wrappers with first and last leaves pasted to interior wrappers. NjP",
  "With: Humiliations follow'd with deliverances. Boston : Printed by B. Green; J. Allen for S. Philips, 1697. Bound together subsequent to publication. DLC",
  "M. Eng. University of Louisville 2013",
  "Includes bibliographical references. 19",
  "Baking Pi -- Your first Java project -- Binary timer -- IoT hat -- Line runner -- Tea station -- Autonomous drone -- Retro video game emulator -- Nighthacking RetroPi -- Index.",
  "Classified.",
  "Not drawn to scale.",
  "Film editor, Martyn Down ; consultant, Robert F. Miller.",
  "Index medicus, 0019-3879, v1n1, 1984-"
]

    [32m✓ Should add notes (500-510) to notes list[39m (0.029 sec)

====================================================================================================
Should add notes (511-518) to notes list
====================================================================================================

<datafield ind1=" " ind2=" " tag="511" xmlns="http://www.loc.gov/MARC21/slim">
  <subfield code="a">Marshall Moss, violin ; Neil Roberts, harpsichord.</subfield>
</datafield>
<datafield ind1=" " ind2=" " tag="513" xmlns="http://www.loc.gov/MARC21/slim">
  <subfield code="a">Quarterly technical progress report;</subfield>
  <subfield code="b">January-April 1, 1977.</subfield>
</datafield>
<datafield ind1=" " ind2=" " tag="514" xmlns="http://www.loc.gov/MARC21/slim">
  <subfield code="a">The map layer that displays Special Feature Symbols shows the approximate location of small (less than 2 acres in size) areas of soils...</subfield>
  <subfield code="d">Quarter quadrangles edited and joined internally and to surrounding quads. All known errors corrected.</subfield>
  <subfield code="e">The combination of spatial linework layer, Special Feature Symbols layer, and attribute data are considered a complete SSURGO dataset.</subfield>
  <subfield code="f">The actual on ground transition between the area represented by the Special Feature Symbol and the surrounding soils generally is very narrow with a well defined edge. The center of the feature area was compiled and digitized as a point. The same standards for compilation and digitizing used for line data were applied to the development of the special feature symbols layer.</subfield>
</datafield>
<datafield ind1=" " ind2=" " tag="515" xmlns="http://www.loc.gov/MARC21/slim">
  <subfield code="a">Designation New series dropped with volume 38, 1908.</subfield>
</datafield>
<datafield ind1=" " ind2=" " tag="516" xmlns="http://www.loc.gov/MARC21/slim">
  <subfield code="a">Numeric (Summary statistics).</subfield>
</datafield>
<datafield ind1=" " ind2=" " tag="518" xmlns="http://www.loc.gov/MARC21/slim">
  <subfield code="3">3rd work</subfield>
  <subfield code="d">1981 November 25</subfield>
  <subfield code="p">Neues Gewandhaus, Leipzig.</subfield>
</datafield>

"notes" : [
  "Marshall Moss, violin ; Neil Roberts, harpsichord.",
  "Quarterly technical progress report; January-April 1, 1977.",
  "The map layer that displays Special Feature Symbols shows the approximate location of small (less than 2 acres in size) areas of soils... Quarter quadrangles edited and joined internally and to surrounding quads. All known errors corrected. The combination of spatial linework layer, Special Feature Symbols layer, and attribute data are considered a complete SSURGO dataset.",
  "Designation New series dropped with volume 38, 1908.",
  "Numeric (Summary statistics).",
  "3rd work 1981 November 25 Neues Gewandhaus, Leipzig."
]

    [32m✓ Should add notes (511-518) to notes list[39m (0.033 sec)

====================================================================================================
Should add notes (520-525) to notes list
====================================================================================================

<datafield ind1=" " ind2=" " tag="520" xmlns="http://www.loc.gov/MARC21/slim">
  <subfield code="a">"Create embedded projects for personal and professional applications. Join the Internet of Things revolution with a project-based approach to building embedded Java applications. Written by recognized Java experts, this Oracle Press guide features a series of low-cost, DIY projects that gradually escalate your development skills. Learn how to set up and configure your Raspberry Pi, connect external hardware, work with the NetBeans IDE, and write and embed powerful Java applications. Raspberry Pi with Java: Programming the Internet of Things (IoT) covers hobbyist as well as professional home and industry applications."--Back cover.</subfield>
</datafield>
<datafield ind1=" " ind2=" " tag="522" xmlns="http://www.loc.gov/MARC21/slim">
  <subfield code="a">County-level data from Virginia.</subfield>
</datafield>
<datafield ind1=" " ind2=" " tag="524" xmlns="http://www.loc.gov/MARC21/slim">
  <subfield code="a">Dakota</subfield>
  <subfield code="2">usc</subfield>
</datafield>
<datafield ind1=" " ind2=" " tag="525" xmlns="http://www.loc.gov/MARC21/slim">
  <subfield code="a">Supplements accompany some issues.</subfield>
</datafield>

"notes" : [
  "\"Create embedded projects for personal and professional applications. Join the Internet of Things revolution with a project-based approach to building embedded Java applications. Written by recognized Java experts, this Oracle Press guide features a series of low-cost, DIY projects that gradually escalate your development skills. Learn how to set up and configure your Raspberry Pi, connect external hardware, work with the NetBeans IDE, and write and embed powerful Java applications. Raspberry Pi with Java: Programming the Internet of Things (IoT) covers hobbyist as well as professional home and industry applications.\"--Back cover.",
  "County-level data from Virginia.",
  "Dakota",
  "Supplements accompany some issues."
]

    [32m✓ Should add notes (520-525) to notes list[39m (0.018 sec)

====================================================================================================
Should add notes (530-534) to notes list
====================================================================================================

<datafield ind1=" " ind2=" " tag="530" xmlns="http://www.loc.gov/MARC21/slim">
  <subfield code="a">Available on microfiche.</subfield>
</datafield>
<datafield ind1=" " ind2=" " tag="532" xmlns="http://www.loc.gov/MARC21/slim">
  <subfield code="a">Closed captioning in English.</subfield>
</datafield>
<datafield ind1=" " ind2=" " tag="533" xmlns="http://www.loc.gov/MARC21/slim">
  <subfield code="a">Electronic reproduction.</subfield>
  <subfield code="b">Cambridge, Mass.</subfield>
  <subfield code="c">Harvard College Library Digital Imaging Group,</subfield>
  <subfield code="d">2003</subfield>
  <subfield code="f">(Latin American pamphlet digital project at Harvard University ; 0005).</subfield>
  <subfield code="n">Electronic reproduction from microfilm master negative produced by Harvard College Library Imaging Services.</subfield>
  <subfield code="5">MH</subfield>
</datafield>
<datafield ind1=" " ind2=" " tag="534" xmlns="http://www.loc.gov/MARC21/slim">
  <subfield code="p">Originally issued:</subfield>
  <subfield code="a">Frederick, John.</subfield>
  <subfield code="t">Luck.</subfield>
  <subfield code="n">Published in: Argosy, 1919.</subfield>
</datafield>

"notes" : [
  "Available on microfiche.",
  "Closed captioning in English.",
  "Electronic reproduction. Cambridge, Mass. Harvard College Library Digital Imaging Group, 2003 (Latin American pamphlet digital project at Harvard University ; 0005). Electronic reproduction from microfilm master negative produced by Harvard College Library Imaging Services. MH",
  "Originally issued: Frederick, John. Luck. Published in: Argosy, 1919."
]

    [32m✓ Should add notes (530-534) to notes list[39m (0.018 sec)

====================================================================================================
Should add notes (540-546) to notes list
====================================================================================================

<datafield ind1=" " ind2=" " tag="540" xmlns="http://www.loc.gov/MARC21/slim">
  <subfield code="3">Recorded radio programs</subfield>
  <subfield code="a">There are copyright and contractual restrictions applying to the reproduction of most of these recordings;</subfield>
  <subfield code="b">Department of Treasury;</subfield>
  <subfield code="c">Treasury contracts 7-A130 through 39-A179.</subfield>
</datafield>
<datafield ind1=" " ind2=" " tag="541" xmlns="http://www.loc.gov/MARC21/slim">
  <subfield code="3">5 diaries</subfield>
  <subfield code="n">25</subfield>
  <subfield code="o">cubic feet;</subfield>
  <subfield code="a">Merriwether, Stuart;</subfield>
  <subfield code="b">458 Yonkers Road, Poughkeepsie, NY 12601;</subfield>
  <subfield code="c">Purchase at auction;</subfield>
  <subfield code="d">19810924;</subfield>
  <subfield code="e">81-325;</subfield>
  <subfield code="f">Jonathan P. Merriwether Estate;</subfield>
  <subfield code="h">$7,850.</subfield>
</datafield>
<datafield ind1=" " ind2=" " tag="542" xmlns="http://www.loc.gov/MARC21/slim">
  <subfield code="c">Duchess Foods</subfield>
  <subfield code="d">Government of Canada</subfield>
  <subfield code="e">Copyright Services, Library and Archives Canada, Ottawa, Ont.</subfield>
  <subfield code="f">Copyright 1963, par la Compagnie Canadienne de l'Exposition Universelle de 1967</subfield>
  <subfield code="g">1963</subfield>
  <subfield code="i">1963</subfield>
  <subfield code="k">Duchess Foods</subfield>
  <subfield code="l">under copyright protection through Dec. 31, 2013</subfield>
  <subfield code="m">published ǂn Copyright not renewable. This work will enter the public domain on Jan. 1, 2014</subfield>
  <subfield code="o">Nov. 2010</subfield>
  <subfield code="p">Canada</subfield>
  <subfield code="q">CaQMCCA</subfield>
  <subfield code="r">Canada</subfield>
  <subfield code="s">Copyright Services, Library and Archives Canada</subfield>
</datafield>
<datafield ind1=" " ind2=" " tag="544" xmlns="http://www.loc.gov/MARC21/slim">
  <subfield code="3">Correspondence files;</subfield>
  <subfield code="a">Burt Barnes papers;</subfield>
  <subfield code="e">Also located at;</subfield>
  <subfield code="a">State Historical Society of Wisconsin.</subfield>
</datafield>
<datafield ind1=" " ind2=" " tag="545" xmlns="http://www.loc.gov/MARC21/slim">
  <subfield code="a">The Faribault State School and Hospital provided care, treatment, training, and a variety of other services to mentally retarded individuals and their families. It was operated by the State of Minnesota from 1879 to 1998 under different administrative structures and with different names. A more detailed history of the Hospital may be found at</subfield>
  <subfield code="u">http://www.mnhs.org/library/findaids/80881.html</subfield>
</datafield>
<datafield ind1=" " ind2=" " tag="546" xmlns="http://www.loc.gov/MARC21/slim">
  <subfield code="3">Marriage certificate</subfield>
  <subfield code="a">German;</subfield>
  <subfield code="b">Fraktur.</subfield>
</datafield>

"notes" : [
  "There are copyright and contractual restrictions applying to the reproduction of most of these recordings; Department of Treasury; Treasury contracts 7-A130 through 39-A179.",
  "5 diaries 25 cubic feet; Merriwether, Stuart; 458 Yonkers Road, Poughkeepsie, NY 12601; Purchase at auction; 19810924; 81-325; Jonathan P. Merriwether Estate; $7,850.",
  "Duchess Foods Government of Canada Copyright 1963, par la Compagnie Canadienne de l'Exposition Universelle de 1967 1963 Nov. 2010 Copyright Services, Library and Archives Canada",
  "Burt Barnes papers; State Historical Society of Wisconsin.",
  "The Faribault State School and Hospital provided care, treatment, training, and a variety of other services to mentally retarded individuals and their families. It was operated by the State of Minnesota from 1879 to 1998 under different administrative structures and with different names. A more detailed history of the Hospital may be found at http://www.mnhs.org/library/findaids/80881.html",
  "Marriage certificate German; Fraktur."
]

    [32m✓ Should add notes (540-546) to notes list[39m (0.023 sec)

====================================================================================================
Should add notes (550-556) to notes list
====================================================================================================

<datafield ind1=" " ind2=" " tag="550" xmlns="http://www.loc.gov/MARC21/slim">
  <subfield code="a">Organ of the Potomac-side Naturalists' Club.</subfield>
</datafield>
<datafield ind1=" " ind2=" " tag="552" xmlns="http://www.loc.gov/MARC21/slim">
  <subfield code="a">NYROADS</subfield>
  <subfield code="b">The roads of New York, none</subfield>
  <subfield code="c">NYROADS_TYPE</subfield>
  <subfield code="d">The road types of New York, none</subfield>
  <subfield code="e">1</subfield>
  <subfield code="f">Interstate Highway, none</subfield>
  <subfield code="g">1-4</subfield>
  <subfield code="h">New York Road Types, none</subfield>
  <subfield code="k">1999010-19990201</subfield>
  <subfield code="l">unknown</subfield>
  <subfield code="n">irregular.</subfield>
</datafield>
<datafield ind1=" " ind2=" " tag="555" xmlns="http://www.loc.gov/MARC21/slim">
  <subfield code="3">Finding aid</subfield>
  <subfield code="b">Available in repository and on Internet;</subfield>
  <subfield code="c">Folder level control;</subfield>
  <subfield code="u">http://digital.library.pitt.edu/cgi-bin/f/findaid/findaid-idx?type=simple;c=ascead;view=text;subview=outline;didno=US-PPiU-ais196815</subfield>
</datafield>
<datafield ind1=" " ind2=" " tag="556" xmlns="http://www.loc.gov/MARC21/slim">
  <subfield code="a">Disaster recovery : a model plan for libraries and information centers.</subfield>
  <subfield code="z">0959328971</subfield>
</datafield>

"notes" : [
  "Organ of the Potomac-side Naturalists' Club.",
  "NYROADS The roads of New York, none unknown irregular.",
  "Available in repository and on Internet; Folder level control; http://digital.library.pitt.edu/cgi-bin/f/findaid/findaid-idx?type=simple;c=ascead;view=text;subview=outline;didno=US-PPiU-ais196815",
  "Disaster recovery : a model plan for libraries and information centers. 0959328971"
]

    [32m✓ Should add notes (550-556) to notes list[39m (0.018 sec)

====================================================================================================
Should add notes (561-567) to notes list
====================================================================================================

<datafield ind1=" " ind2=" " tag="561" xmlns="http://www.loc.gov/MARC21/slim">
  <subfield code="3">Family correspondence</subfield>
  <subfield code="a">Originally collected by Henry Fitzhugh, willed to his wife Sarah Jackson Fitzhugh and given by her to her grandson Jonathan Irving Jackson, who collected some further information about his grandmother and the papers of their relatives and Cellarsville neighbors, the Arnold Fitzhugh's, before donating the materials along with his own papers as mayor of Cellarsville to the Historical Society.</subfield>
</datafield>
<datafield ind1=" " ind2=" " tag="562" xmlns="http://www.loc.gov/MARC21/slim">
  <subfield code="3">The best get better Sue Hershkowitz</subfield>
  <subfield code="e">2 copies;</subfield>
  <subfield code="d">Originally given orally as a keynote address.</subfield>
</datafield>
<datafield ind1=" " ind2=" " tag="563" xmlns="http://www.loc.gov/MARC21/slim">
  <subfield code="a">Gold-tooled morocco binding by Benjamin West, approximately 1840.</subfield>
  <subfield code="u">[URI]</subfield>
  <subfield code="5">Uk</subfield>
</datafield>
<datafield ind1=" " ind2=" " tag="565" xmlns="http://www.loc.gov/MARC21/slim">
  <subfield code="3">Military petitioners files</subfield>
  <subfield code="a">11;</subfield>
  <subfield code="b">name;</subfield>
  <subfield code="b">address;</subfield>
  <subfield code="b">date of birth;</subfield>
  <subfield code="b">place of birth;</subfield>
  <subfield code="b">date of application;</subfield>
  <subfield code="b">dates of service;</subfield>
  <subfield code="b">branch of service;</subfield>
  <subfield code="b">date of induction;</subfield>
  <subfield code="b">rank;</subfield>
  <subfield code="b">latest occupation;</subfield>
  <subfield code="b">dependents;</subfield>
  <subfield code="c">pensioners;</subfield>
  <subfield code="d">Civil War (1861-1865) veterans</subfield>
</datafield>
<datafield ind1=" " ind2=" " tag="567" xmlns="http://www.loc.gov/MARC21/slim">
  <subfield code="a">Continuous, deterministic, predictive.</subfield>
</datafield>

"notes" : [
  "Family correspondence Originally collected by Henry Fitzhugh, willed to his wife Sarah Jackson Fitzhugh and given by her to her grandson Jonathan Irving Jackson, who collected some further information about his grandmother and the papers of their relatives and Cellarsville neighbors, the Arnold Fitzhugh's, before donating the materials along with his own papers as mayor of Cellarsville to the Historical Society.",
  "The best get better Sue Hershkowitz",
  "Gold-tooled morocco binding by Benjamin West, approximately 1840. Uk",
  "11;",
  "Continuous, deterministic, predictive."
]

    [32m✓ Should add notes (561-567) to notes list[39m (0.017 sec)

====================================================================================================
Should add notes (580-586) to notes list
====================================================================================================

<datafield ind1=" " ind2=" " tag="580" xmlns="http://www.loc.gov/MARC21/slim">
  <subfield code="a">Forms part of the Frances Benjamin Johnston Collection.</subfield>
</datafield>
<datafield ind1=" " ind2=" " tag="583" xmlns="http://www.loc.gov/MARC21/slim">
  <subfield code="3">scrapbooks (10 volumes)</subfield>
  <subfield code="n">1</subfield>
  <subfield code="o">cu. ft.</subfield>
  <subfield code="a">microfilm</subfield>
  <subfield code="c">198303</subfield>
  <subfield code="e">at completion of arrangement</subfield>
  <subfield code="f">1983 master film schedule</subfield>
  <subfield code="k">Thomas Swing</subfield>
</datafield>
<datafield ind1=" " ind2=" " tag="586" xmlns="http://www.loc.gov/MARC21/slim">
  <subfield code="3">Tempest fantasy</subfield>
  <subfield code="a">Pulitzer prize in music, 2004</subfield>
</datafield>

"notes" : [
  "Forms part of the Frances Benjamin Johnston Collection.",
  "scrapbooks (10 volumes) 1 cu. ft. microfilm 198303 at completion of arrangement 1983 master film schedule Thomas Swing",
  "Pulitzer prize in music, 2004"
]

    [32m✓ Should add notes (580-586) to notes list[39m (0.018 sec)

====================================================================================================
Should add notes (590-599) to notes list
====================================================================================================

<datafield ind1=" " ind2=" " tag="590" xmlns="http://www.loc.gov/MARC21/slim">
  <subfield code="a">Labels reversed on library's copy.</subfield>
</datafield>
<datafield ind1=" " ind2=" " tag="592" xmlns="http://www.loc.gov/MARC21/slim">
  <subfield code="a">Copy in McGill Library's Osler Library of the History of Medicine, Robertson Collection copy 1: signature on title page, Jos. E. Dion, E.E.M., Montréal.</subfield>
</datafield>
<datafield ind1=" " ind2=" " tag="599" xmlns="http://www.loc.gov/MARC21/slim">
  <subfield code="a">c.2</subfield>
  <subfield code="b">2014</subfield>
  <subfield code="c">$25.00</subfield>
  <subfield code="d">pt</subfield>
  <subfield code="e">art dept.</subfield>
</datafield>

"notes" : [
  "Labels reversed on library's copy.",
  "Copy in McGill Library's Osler Library of the History of Medicine, Robertson Collection copy 1: signature on title page, Jos. E. Dion, E.E.M., Montréal.",
  "c.2 2014 $25.00 pt art dept."
]

    [32m✓ Should add notes (590-599) to notes list[39m (0.016 sec)

Executed 31 of 31 specs[32m SUCCESS[39m in 0.67 sec.
